<record xmlns="http://www.loc.gov/MARC21/slim" xmlns:xsi="http://www.w3.org/2001/XMLSchema-instance" xsi:schemaLocation="http://www.loc.gov/MARC21/slim http://www.loc.gov/standards/marcxml/schema/MARC21slim.xsd"><leader>     nam a22        4500</leader><controlfield tag="001">002933635</controlfield><controlfield tag="003">NNU</controlfield><controlfield tag="006">m        d        </controlfield><controlfield tag="007">cr cn |||m|||a</controlfield><controlfield tag="008">150313s1959    sy h    o     000 0 arar </controlfield><datafield ind1=" " ind2=" " tag="040"><subfield code="a">NNU</subfield><subfield code="b">eng</subfield><subfield code="c">NNU</subfield></datafield><datafield ind1=" " ind2="0" tag="050"><subfield code="a">PJ7864.A397</subfield><subfield code="b">.M3</subfield></datafield><datafield ind1="1" ind2=" " tag="100"><subfield code="a">&#7788;an&#7789;&#257;w&#299;, &#699;Al&#299;,</subfield><subfield code="d">1909-</subfield></datafield><datafield ind1="1" ind2="0" tag="245"><subfield code="a">Maq&#257;l&#257;t f&#299; kalim&#257;t</subfield><subfield code="h">[electronic resource] /</subfield><subfield code="c">[ta&#700;l&#299;f] &#699;Al&#299; al-&#7788;an&#7789;&#257;w&#299;.</subfield></datafield><datafield ind1=" " ind2=" " tag="250"><subfield code="a">[al-&#7788;ab&#699;ah 1]</subfield></datafield><datafield ind1=" " ind2=" " tag="260"><subfield code="a">Dimashq,</subfield><subfield code="b">Maktabat D&#257;r al-Fat&#7717;</subfield><subfield code="c">[1959]</subfield></datafield><datafield ind1=" " ind2=" " tag="300"><subfield code="a">online resource (240 p.) :</subfield><subfield code="b">facsim.</subfield></datafield><datafield ind1=" " ind2=" " tag="500"><subfield code="a">"Kuntu f&#299; sanat 1949 aktubu f&#299; jar&#299;dat (al-Na&#7779;r) awwalan, thumma f&#299; (al-Ayy&#257;m) &#257;khiran, kalim&#257;t bi-&#699;unw&#257;n (Kull yawm kalimah sagh&#299;rah)... wa-qad ikhtartu minhu hadhihi al-kalim&#257;t".</subfield></datafield><datafield ind1=" " ind2=" " tag="500"><subfield code="a">Part of the Arabic Collections Online (ACO) project, contributed by New York Univeristy Libraries.</subfield></datafield><datafield ind1=" " ind2=" " tag="533"><subfield code="a">Electronic reproduction.</subfield><subfield code="b">New York, N.Y. :</subfield><subfield code="c">New York University,</subfield><subfield code="d">2015.</subfield><subfield code="5">NNU</subfield></datafield><datafield ind1="2" ind2=" " tag="710"><subfield code="a">New York University.</subfield><subfield code="b">Libraries.</subfield></datafield><datafield ind1="0" ind2=" " tag="730"><subfield code="a">Arabic Collections Online.</subfield></datafield><datafield ind1="0" ind2="8" tag="776"><subfield code="i">Print version:</subfield><subfield code="a">&#7788;an&#7789;&#257;w&#299;, &#699;Al&#299;, 1909-</subfield><subfield code="t">Maq&#257;l&#257;t f&#299; kalim&#257;t</subfield><subfield code="w">(NNU)002933635</subfield><subfield code="w">(DLC)72214083</subfield></datafield><datafield ind1="4" ind2="0" tag="856"><subfield code="u">http://hdl.handle.net/2333.1/wdbrv3m2</subfield></datafield><datafield ind1=" " ind2=" " tag="959"><subfield code="a">NNU</subfield><subfield code="b">WEB</subfield><subfield code="c">GENI</subfield><subfield code="t">0</subfield><subfield code="m">Electronic access</subfield><subfield code="s">01</subfield></datafield><datafield ind1=" " ind2=" " tag="999"><subfield code="i">NNU_002933635</subfield><subfield code="s">nyu_aco000570</subfield><subfield code="e">(ERROR-880)</subfield></datafield></record>